% Encoding: UTF-8

@Manual{rcore2023,
  title = {R: A Language and Environment for Statistical Computing},
  author = {{R Core Team}},
  organization = {R Foundation for Statistical Computing},
  address = {Vienna, Austria},
  year = {2023},
  url = {https://www.R-project.org/},
}


@inproceedings{Hastie2004nips,
  author = {Hastie, Trevor and Rosset, Saharon and Tibshirani, Robert and Zhu, Ji},
  booktitle = {NIPS},
  crossref = {conf/nips/2004},
  ee = {http://papers.nips.cc/paper/2713-the-entire-regularization-path-for-the-support-vector-machine},
  interhash = {a70eef51ba2888fec0b97266778f8eb8},
  intrahash = {84f657cf31a71272cacf6e9b11941981},
  keywords = {dblp},
  pages = {561-568},
  title = {The Entire Regularization Path for the Support Vector Machine.},
  url = {http://dblp.uni-trier.de/db/conf/nips/nips2004.html#HastieRTZ04},
  year = 2004
}

@book{xie2015,
  author    = {Yihui Xie},
  publisher = {Chapman and Hall/CRC},
  title     = {Dynamic Documents with {R} and knitr},
  year      = {2015},
  address   = {Boca Raton, Florida},
  edition   = {Second},
  note      = {ISBN 978-1498716963},
  doi       = {10.1201/b15166},
  url       = {http://yihui.name/knitr/},
}

@book{xie2018r,
  author    = {Xie, Yihui and Allaire, JJ and Grolemund, Garrett},
  publisher = {CRC Press},
  title     = {R Markdown: The Definitive Guide},
  year      = {2018},
  doi       = {10.1201/9781138359444},
  url       = {https://bookdown.org/yihui/rmarkdown/},
}

@book{xie2016bookdown,
  author    = {Xie, Yihui},
  publisher = {Chapman and Hall/CRC},
  title     = {Bookdown: Authoring Books and Technical Documents with R Markdown},
  year      = {2016},
  doi       = {10.1201/9781315204963},
}


@book{james2021introduction,
  title={An Introduction to Statistical Learning: With Applications in R, Second Edition},
  author = {James, Gareth and Witten, Daniela and Hastie, Trevor and Tibshirani, Robert},
  isbn={9781071614181},
  series={Springer texts in Statistics},
  url={https://www.statlearning.com},
  year={2021},
  publisher={Springer}
}

@book{kuhn2013applied,
  author    = {Kuhn, Max and Johnson, Kjell},
  publisher = {Springer},
  title     = {Applied predictive modeling},
  year      = {2013},
  volume    = {26},
  doi       = {10.1007/978-1-4614-6849-3},
  url       = {http://appliedpredictivemodeling.com},
}

@book{williams2011data,
  title={Data mining with Rattle and R: The art of excavating data for knowledge discovery},
  author={Williams, Graham},
  year={2011},
  publisher={Springer Science \& Business Media}
}

@book{bellman1961adaptive,
  author    = {Bellman, Richard},
  publisher = {Princeton University Press},
  title     = {Adaptive Control Processes: a guided tour},
  year      = {1961},
}

@book{burger2018introduction,
  author={Burger, Scott V},
  title={Introduction to Machine Learning with R: Rigorous Mathematical Analysis},
  isbn={9781491976395},
  lccn={2018303264},
  year={2018},
  publisher={O'Reilly Media}
}

@book{breiman1984classification,
  title={Classification and Regression Trees},
  author={Breiman, Leo and Friedman, Jerome H and Stone, Charles J and Olshen, Richard A},
  isbn={9780412048418},
  lccn={83019708},
  year={1984},
  publisher={Taylor and Francis}
}

@Book{chollet2018deep,
  author    = {Chollet, Fran{\c{c}}ois and Allaire, Joseph J},
  publisher = {Manning Publications},
  title     = {Deep Learning with R},
  year      = {2018},
  isbn      = {9781617295546},
  lccn      = {2018285360},
}

@book{de1978practical,
  author    = {De Boor, Carl and De Boor, Carl},
  publisher = {springer-verlag New York},
  title     = {A practical guide to splines},
  year      = {1978},
  volume    = {27},
  doi       = {10.1007/978-1-4612-6333-3},
}

@book{efron2016computer,
  author    = {Efron, Bradley and Hastie, Trevor},
  publisher = {Cambridge University Press},
  title     = {Computer Age Statistical Inference: Algorithms, Evidence and Data Science},
  year      = {2016},
  volume    = {5},
  doi       = {10.1017/cbo9781316576533},
  url       = {http://web.stanford.edu/~hastie/CASI/},
}

@book{fan1996,
  title={Local Polynomial Modelling and Its Applications},
  author={Fan, J and Gijbels, I},
  isbn={9780412983214},
  lccn={96083481},
  series={Chapman \& Hall/CRC Monographs on Statistics \& Applied Probability},
  year={1996},  publisher={Chapman and Hall}
}

@book{faraway2014linear,
  author    = {Faraway, J.J.},
  title     = {Linear Models with R},
  year      = {2016},
  edition   = {Second},
  isbn      = {9781439887349},
  series    = {Chapman \& Hall/CRC Texts in Statistical Science},
  publisher = {CRC Press},
}

@book{faraway2016extending,
  title={Extending the linear model with R: generalized linear, mixed effects and nonparametric regression models},
  author={Faraway, Julian J},
  year={2016},
  publisher={CRC press}
}

@book{fernandez2020simbook,
 title={Simulación Estadística},
  author={Fern\'andez-Casal, Rub\'en and Cao, Ricardo},
  year={2020},
  url={https://rubenfcasal.github.io/simbook}
}


@book{fernandez2023simbook,
 title={Técnicas de simulación y remuestreo},
  author={Fern\'andez-Casal, Rub\'en and Cao, Ricardo and Costa, Juli\'an},
  year={2023},
  url={https://rubenfcasal.github.io/simbook}
}


@book{fernandez2019intror,
 title={Introducción al Análisis de Datos con R},
  author={Fern\'andez-Casal, Rub\'en and Roca-Pardi\~nas, Javier and Costa, Juli\'an},
  year={2019},
  url={https://rubenfcasal.github.io/intror}
}

@book{hair1998multivariate,
  title={Multivariate Data Analysis},
  author={Hair, Joseph F and Anderson, Rolph E and Tatham, Ronald L and Black, William},
  year={1998},
  isbn = {0138948585},
  publisher = {Prentice Hall}
}

@book{hastie1990generalized,
  author = {Hastie, Trevor and Tibshirani, Robert},
  title={Generalized Additive Models},
  isbn={9780203753781},
  series={Monographs on Statistics and Applied Probability},
  year={1990},
  publisher={Chapman and Hall},
  doi = {10.1201/9780203753781}
}

@book{hastie2009friedman,
  author    = {Hastie, Tibshirani and Tibshirani, Robert and Friedman, J.},
  publisher = {Springer, New York},
  title     = {The Elements of Statistical Learning: Data Mining, Inference, and Prediction},
  year      = {2013},
  edition   = {Second},
  isbn      = {9780387216065},
  series    = {Springer Series in Statistics},
  lccn      = {2001031433},
}

@book{hastie2017generalized,
  title={Generalized linear models},
  author={Hastie, Trevor J and Pregibon, Daryl},
  booktitle={Statistical models in S},
  pages={195--247},
  year={2017},
  publisher={Routledge}
}

@book{mccullagh2019generalized,
  title={Generalized linear models},
  author={McCullagh, Peter},
  year={2019},
  publisher={Routledge}
}

@book{hastie2019statistical,
  author    = {Hastie, Trevor and Tibshirani, Robert and Wainwright, Martin},
  publisher = {Chapman and Hall/CRC},
  title     = {Statistical Learning with Sparsity: The Lasso and Generalizations},
  year      = {2015},
  isbn      = {9781498712170},
  series    = {Chapman \& Hall/CRC Monographs on Statistics \& Applied Probability},
  lccn      = {2015014842},
  url       = {https://web.stanford.edu/~hastie/StatLearnSparsity},
}

@book{irizarry2019introduction,
  author    = {Irizarry, Rafael A},
  publisher = {CRC Press},
  title     = {Introduction to data science: data analysis and prediction algorithms with R},
  year      = {2019},
  doi       = {10.1201/9780429341830},
  url       = {https://rafalab.github.io/dsbook},
}

@book{molnar2020interpretable,
  title={Interpretable Machine Learning},
  author={Molnar, Christoph},
  year={2020},
  publisher={Lulu.com},
  url ={https://christophm.github.io/interpretable-ml-book}
}

@book{torgo2011data,
  title={Data mining with R: learning with case studies},
  author={Torgo, Luis},
  year={2011},
  publisher={Chapman and Hall/CRC}
}

@book{vapnik1998,
  keywords = {learning, svm},
  publisher = {Willey},
  author = {Vapnik, Vladimir},
  title = {Statistical Learning Theory},
  year = 2000
}

@book{vapnik2013nature,
  title={The Nature of Statistical Learning Theory},
  author={Vapnik, Vladimir},
  year={2013},
  publisher={Springer}
}

@book{Venables2002Modern,
  author = {Venables, W. N. and Ripley, B. D.},
  doi = {10.1007/978-0-387-21706-2},
  isbn = {978-1-4419-3008-8},
  keywords = {visualisation textbook statistics manual},
  publisher = {Springer New York},
  title = {Modern Applied Statistics with S},
  url = {http://www.stats.ox.ac.uk/pub/MASS4/},
  year = 2002
}

@article{werbos1974new,
  title={New tools for prediction and analysis in the behavioral sciences},
  author={Werbos, Paul},
  journal={Ph. D. dissertation, Harvard University},
  year={1974}
}

@book{wickham2016r,
  title={R for Data Science: Import, Tidy, Transform, Visualize, and Model Data},
  isbn={9781491910344},
  lccn={2017300238},
  author={Wickham, Hadley and Grolemund, Garrett},
  year={2016},
  publisher={O'Reilly Media},
  url = {https://r4ds.had.co.nz/}
}

@book{wood2017generalized,
  title={Generalized Additive Models: An Introduction with R, Second Edition},
  author={Wood, Simon N},
  isbn={9781498728348},
  series={Chapman \& Hall/CRC Texts in Statistical Science},
  year={2017},
  publisher={CRC Press}
}

@Article{agor2019feature,
  author    = {Agor, Joseph and {\"O}zalt{\i}n, Osman Y},
  journal   = {Computers and Operations Research},
  title     = {Feature selection for classification models via bilevel optimization},
  year      = {2019},
  pages     = {156--168},
  volume    = {106},
  doi       = {10.1016/j.cor.2018.05.005},
  publisher = {Elsevier},
}

@book{becker2021mlr3,
  author = {Becker, Marc and Binder, Martin and Bischl, Bernd and Lang, Michel and Pfisterer, Florian and Reich, Nicholas G and Richter, Jakob and Schratz, Patrick and Sonabend, Raphael and Pulatov, Damir},
  title  = {mlr3 book},
  year   = {2021},
  url    = {https://mlr3book.mlr-org.com},
}

@article{berntsson1986comparison,
  author    = {Berntsson, Peder and Wold, Svante},
  journal   = {Quantitative Structure-Activity Relationships},
  title     = {Comparison between x-ray crystallographic data and physicochemical parameters with respect to their information about the calcium channel antagonist activity of 4-phenyl-1, 4-dihydropyridines},
  year      = {1986},
  number    = {2},
  pages     = {45--50},
  volume    = {5},
  doi       = {10.1002/qsar.19860050202},
  publisher = {Wiley Online Library},
}

@article{biecek2018dalex,
  title={DALEX: explainers for complex predictive models in R},
  author={Biecek, Przemys{\l}aw},
  journal={The Journal of Machine Learning Research},
  volume={19},
  number={1},
  pages={3245--3249},
  year={2018},
  publisher={JMLR. org},
  url={http://www.jmlr.org/papers/volume19/18-416/18-416.pdf}
}

@InProceedings{boser1992training,
  author    = {Boser, Bernhard E and Guyon, Isabelle M and Vapnik, Vladimir N},
  booktitle = {Proceedings of the fifth annual workshop on Computational learning theory},
  title     = {A training algorithm for optimal margin classifiers},
  year      = {1992},
  pages     = {144--152},
  doi       = {10.1145/130385.130401},
}

@article{breiman1996bagging,
  author    = {Breiman, Leo},
  journal   = {Machine Learning},
  title     = {Bagging predictors},
  year      = {1996},
  number    = {2},
  pages     = {123--140},
  volume    = {24},
  doi       = {10.1007/bf00058655},
  publisher = {Springer},
}

@article{breiman2001random,
  author    = {Breiman, Leo},
  journal   = {Machine Learning},
  title     = {Random forests},
  year      = {2001},
  number    = {1},
  pages     = {5--32},
  volume    = {45},
  publisher = {Springer},
}

@article{breiman2001statistical,
  author    = {Breiman, Leo},
  journal   = {Statistical Science},
  title     = {Statistical modeling: The two cultures (with comments and a rejoinder by the author)},
  year      = {2001},
  number    = {3},
  pages     = {199--231},
  volume    = {16},
  doi       = {10.1214/ss/1009213726},
  publisher = {Institute of Mathematical Statistics},
}

@InProceedings{chen2016xgboost,
  author    = {Chen, Tianqi and Guestrin, Carlos},
  booktitle = {Proceedings of the 22nd acm sigkdd international conference on knowledge discovery and data mining},
  title     = {Xgboost: A scalable tree boosting system},
  year      = {2016},
  pages     = {785--794},
  doi       = {10.1145/2939672.2939785},
}

@Article{comon1994independent,
  author    = {Comon, Pierre},
  journal   = {Signal Processing},
  title     = {Independent component analysis, a new concept?},
  year      = {1994},
  number    = {3},
  pages     = {287--314},
  volume    = {36},
  doi       = {10.1016/0165-1684(94)90029-9},
  publisher = {Elsevier},
}

@article{cortes1995support,
  author    = {Cortes, Corinna and Vapnik, Vladimir},
  journal   = {Machine Learning},
  title     = {Support-vector networks},
  year      = {1995},
  number    = {3},
  pages     = {273--297},
  volume    = {20},
  doi       = {10.1007/bf00994018},
  publisher = {Springer},
}

@Article{cortez2009modeling,
  author    = {Cortez, Paulo and Cerdeira, Ant{\'o}nio and Almeida, Fernando and Matos, Telmo and Reis, Jos{\'e}},
  journal   = {Decision Support Systems},
  title     = {Modeling wine preferences by data mining from physicochemical properties},
  year      = {2009},
  number    = {4},
  pages     = {547--553},
  volume    = {47},
  doi       = {10.1016/j.dss.2009.05.016},
  publisher = {Elsevier},
}

@Article{craven1978smoothing,
  author    = {Craven, Peter and Wahba, Grace},
  journal   = {Numerische Mathematik},
  title     = {Smoothing noisy data with spline functions},
  year      = {1978},
  number    = {4},
  pages     = {377--403},
  volume    = {31},
  doi       = {10.1007/bf01404567},
  publisher = {Springer},
}

@Article{culp2006ada,
  author  = {Culp, Mark and Johnson, Kjell and Michailidis, George},
  journal = {Journal of Statistical Software},
  title   = {ada: An R Package for Stochastic Boosting},
  year    = {2006},
  number  = {2},
  pages   = {1–27},
  volume  = {17},
  doi     = {10.18637/jss.v017.i02},
  url     = {https://www.jstatsoft.org/article/view/v017i02},
}

@article{dietterich2000experimental,
  title={An experimental comparison of three methods for constructing ensembles of decision trees: Bagging, boosting, and randomization},
  author={Dietterich, Thomas G},
  journal={Machine Learning},
  volume={40},
  number={2},
  pages={139--157},
  year={2000},
  publisher={Springer}
}

@InProceedings{drucker1997support,
  author    = {Drucker, Harris and Burges, Chris JC and Kaufman, Linda and Smola, Alex and Vapnik, Vladimir},
  booktitle = {Advances in Neural Information Processing Systems},
  title     = {Support Vector Regression Machines},
  year      = {1997},
  pages     = {155--161},
  publisher = {MIT Press},
  volume    = {9},
}

@Article{dunson2018statistics,
  author    = {Dunson, David B},
  journal   = {Statistics and Probability Letters},
  title     = {Statistics in the big data era: Failures of the machine},
  year      = {2018},
  pages     = {4--9},
  volume    = {136},
  doi       = {10.1016/j.spl.2018.02.028},
  publisher = {Elsevier},
}

@article{efron2004least,
  author    = {Efron, Bradley and Hastie, Trevor and Johnstone, Iain and Tibshirani, Robert},
  journal   = {The Annals of Statistics},
  title     = {Least angle regression},
  year      = {2004},
  number    = {2},
  pages     = {407--499},
  volume    = {32},
  doi       = {10.1214/009053604000000067},
  publisher = {Institute of Mathematical Statistics},
}

@Article{eilers1996flexible,
  author    = {Eilers, Paul HC and Marx, Brian D},
  journal   = {Statistical Science},
  title     = {Flexible smoothing with B-splines and penalties},
  year      = {1996},
  number    = {2},
  pages     = {89--121},
  volume    = {11},
  doi       = {10.1214/ss/1038425655},
  publisher = {Institute of Mathematical Statistics},
  url       = {https://www.jstor.org/stable/pdf/2246049.pdf},
}

@article{fisher1936use,
  author    = {Fisher, Ronald A},
  journal   = {Annals of eugenics},
  title     = {The use of multiple measurements in taxonomic problems},
  year      = {1936},
  number    = {2},
  pages     = {179--188},
  volume    = {7},
  doi       = {10.1111/j.1469-1809.1936.tb02137.x},
  publisher = {Wiley Online Library},
}

@inproceedings{freund1996schapire,
  title={Schapire R: Experiments with a new boosting algorithm},
  author={Freund, Yoav and Schapire, Robert E},
  booktitle={in: Thirteenth International Conference on ML},
  year={1996},
  organization={Citeseer}
}

@article{friedman1989regularized,
  author    = {Friedman, Jerome H},
  journal   = {Journal of the American statistical association},
  title     = {Regularized discriminant analysis},
  year      = {1989},
  number    = {405},
  pages     = {165--175},
  volume    = {84},
  doi       = {10.1080/01621459.1989.10478752},
  publisher = {Taylor \& Francis},
}

@article{friedman1991multivariate,
  author    = {Jerome H. Friedman},
  journal   = {The Annals of Statistics},
  title     = {{Multivariate Adaptive Regression Splines}},
  year      = {1991},
  number    = {1},
  pages     = {1 -- 67},
  volume    = {19},
  doi       = {10.1214/aos/1176347963},
  keywords  = {AID, CART, multivariable function approximation, multivariate smoothing, Nonparametric multiple regression, recursive partitioning, splines, statistical learning neural networks},
  publisher = {Institute of Mathematical Statistics},
}


@article{friedman2001greedy,
  title={Greedy function approximation: a gradient boosting machine},
  author={Friedman, Jerome H},
  journal={The Annals of Statistics},
  pages={1189--1232},
  year={2001},
  publisher={JSTOR},
  url = {https://projecteuclid.org/euclid.aos/1013203451},
 doi = {10.1214/aos/1013203451}
}

@article{friedman2002stochastic,
  title={Stochastic gradient boosting},
  author={Friedman, Jerome H},
  journal={Computational Statistics \& data analysis},
  volume={38},
  number={4},
  pages={367--378},
  year={2002},
  publisher={Elsevier},
  url = {https://www.sciencedirect.com/science/article/pii/S0167947301000652},
  doi = {10.1016/S0167-9473(01)00065-2}
}

@article{friedman2000additive,
  author    = {Friedman, Jerome and Hastie, Trevor and Tibshirani, Robert},
  journal   = {The Annals of Statistics},
  title     = {Additive logistic regression: a statistical view of boosting (with discussion and a rejoinder by the authors)},
  year      = {2000},
  number    = {2},
  pages     = {337--407},
  volume    = {28},
  doi       = {10.1214/aos/1016218223},
  publisher = {Institute of Mathematical Statistics},
  url       = {https://projecteuclid.org/euclid.aos/1016218223},
}

@article{friedman2008predictive,
  author    = {Friedman, Jerome H and Popescu, Bogdan E},
  journal   = {The Annals of Applied Statistics},
  title     = {Predictive learning via rule ensembles},
  year      = {2008},
  number    = {3},
  pages     = {916--954},
  volume    = {2},
  doi       = {10.1214/07-aoas148},
  publisher = {Institute of Mathematical Statistics},
}

@article{friedman1974projection,
  author    = {Friedman, Jerome H and Tukey, John W},
  journal   = {IEEE Transactions on computers},
  title     = {A projection pursuit algorithm for exploratory data analysis},
  year      = {1974},
  number    = {9},
  pages     = {881--890},
  volume    = {100},
  doi       = {10.1109/t-c.1974.224051},
  publisher = {IEEE},
}

@article{friedman1981projection,
  author    = {Friedman, Jerome H and Stuetzle, Werner},
  journal   = {Journal of the American statistical Association},
  title     = {Projection pursuit regression},
  year      = {1981},
  number    = {376},
  pages     = {817--823},
  volume    = {76},
  doi       = {10.1080/01621459.1981.10477729},
  publisher = {Taylor \& Francis},
}

@article{goldstein2015peeking,
  author    = {Alex Goldstein and Adam Kapelner and Justin Bleich and Emil Pitkin},
  journal   = {Journal of Computational and Graphical Statistics},
  title     = {Peeking Inside the Black Box: Visualizing Statistical Learning With Plots of Individual Conditional Expectation},
  year      = {2015},
  number    = {1},
  pages     = {44-65},
  volume    = {24},
  doi       = {10.1080/10618600.2014.907095},
  publisher = {Taylor & Francis},
}

@article{greenwell2020dblp,
  author = {Brandon M. Greenwell},
  title = {{pdp: An R Package for Constructing Partial Dependence Plots}},
  year = {2017},
  journal = {{The R Journal}},
  doi = {10.32614/RJ-2017-016},
  pages = {421--436},
  volume = {9},
  number = {1}
}

@article{hastie1996fisher,
  author    = {Trevor Hastie and Robert Tibshirani},
  journal   = {Journal of the Royal Statistical Society. Series B (Methodological)},
  title     = {Discriminant Analysis by Gaussian Mixtures},
  year      = {1996},
  issn      = {00359246},
  number    = {1},
  pages     = {155--176},
  volume    = {58},
  doi       = {10.1111/j.2517-6161.1996.tb02073.x},
  publisher = {[Royal Statistical Society, Wiley]},
  url       = {http://www.jstor.org/stable/2346171},
}

@article{hastie2004entire,
  author  = {Hastie, Trevor and Rosset, Saharon and Tibshirani, Robert and Zhu, Ji},
  journal = {Journal of Machine Learning Research},
  title   = {The entire regularization path for the support vector machine},
  year    = {2004},
  number  = {Oct},
  pages   = {1391--1415},
  volume  = {5},
}

@article{hoerl1970ridge,
  author    = {Hoerl, Arthur E and Kennard, Robert W},
  journal   = {Technometrics},
  title     = {Ridge regression: Biased estimation for nonorthogonal problems},
  year      = {1970},
  number    = {1},
  pages     = {55--67},
  volume    = {12},
  doi       = {10.1080/00401706.2000.10485983},
  publisher = {Taylor \& Francis},
}

@article{hothorn2006unbiased,
  author    = {Hothorn, Torsten and Hornik, Kurt and Zeileis, Achim},
  journal   = {Journal of Computational and Graphical Statistics},
  title     = {Unbiased recursive partitioning: A conditional inference framework},
  year      = {2006},
  number    = {3},
  pages     = {651--674},
  volume    = {15},
  doi       = {10.1198/106186006x133933},
  publisher = {Taylor \& Francis},
}

@article{ichimura1993,
  author  = {Hidehiko Ichimura},
  journal = {Journal of Econometrics},
  title   = {Semiparametric least squares (SLS) and weighted SLS estimation of single-index models},
  year    = {1993},
  issn    = {0304-4076},
  number  = {1},
  pages   = {71-120},
  volume  = {58},
  doi     = {10.1016/0304-4076(93)90114-K},
}

@article{kass1980exploratory,
  author    = {Kass, Gordon V},
  journal   = {Journal of the Royal Statistical Society: Series C (Applied Statistics)},
  title     = {An exploratory technique for investigating large quantities of categorical data},
  year      = {1980},
  number    = {2},
  pages     = {119--127},
  volume    = {29},
  doi       = {10.2307/2986296},
  publisher = {Wiley Online Library},
}

@article{kernlab2004,
   author = {Alexandros Karatzoglou and Alexandros Smola and Kurt Hornik and Achim Zeileis},
   title = {kernlab - An S4 Package for Kernel Methods in R},
   journal = {Journal of Statistical Software, Articles},
   volume = {11},
   number = {9},
   year = {2004},
   keywords = {},
   issn = {1548-7660},
   pages = {1--20},
   doi = {10.18637/jss.v011.i09},
}

@article{kearns_cryptographic_1994,
  author  = {Kearns, Michael and Valiant, Leslie},
  journal = {Journal of the ACM},
  title   = {Cryptographic limitations on learning {Boolean} formulae and finite automata},
  year    = {1994},
  number  = {1},
  pages   = {67--95},
  volume  = {41},
  doi     = {10.1145/174644.174647},
}

@InProceedings{kruskal1969toward,
  author       = {Kruskal, Joseph B},
  booktitle    = {Statistical Computation},
  title        = {Toward a practical method which helps uncover the structure of a set of multivariate observations by finding the linear transformation which optimizes a new “index of condensation”},
  year         = {1969},
  organization = {Elsevier},
  pages        = {427--440},
  doi          = {10.1016/b978-0-12-498150-8.50024-0},
}

@book{kuhn2022tidy,
  title={Tidy Modeling with R},
  author={Kuhn, M. and Silge, J.},
  isbn={9781492096450},
  url={https://www.tmwr.org},
  year={2022},
  publisher={O'Reilly Media}
}

@article{kuhn2008building,
  author  = {Max Kuhn},
  journal = {Journal of Statistical Software},
  title   = {Building Predictive Models in R Using the caret Package},
  year    = {2008},
  issn    = {1548-7660},
  number  = {5},
  pages   = {1--26},
  volume  = {28},
  doi     = {10.18637/jss.v028.i05},
  url     = {https://www.jstatsoft.org/v028/i05},
}

@article{kvaalseth1985cautionary,
  author    = {Kv{\aa}lseth, Tarald O},
  journal   = {The American Statistician},
  title     = {Cautionary note about R 2},
  year      = {1985},
  number    = {4},
  pages     = {279--285},
  volume    = {39},
  doi       = {10.1080/00031305.1985.10479448},
  publisher = {Taylor \& Francis},
}

@article{kvaalseth1985weighted,
  author    = {Kv{\aa}lseth, Tarald O},
  journal   = {Bulletin of the Psychonomic Society},
  title     = {Weighted conditional kappa},
  year      = {1985},
  number    = {6},
  pages     = {503--505},
  volume    = {23},
  doi       = {10.3758/bf03329866},
  publisher = {Springer},
}

@Article{lauro1996computational,
  author  = {Lauro, Carlo},
  journal = {Computational Statistics & Data Analysis},
  title   = {Computational statistics or statistical computing, is that the question?},
  year    = {1996},
  issn    = {0167-9473},
  note    = {Classification},
  number  = {1},
  pages   = {191-193},
  volume  = {23},
  doi     = {10.1016/0167-9473(96)88920-1},
}

@article{liaw2002classification,
  title={Classification and Regression by {randomForest}},
  author={Liaw, Andy and Wiener, Matthew},
  journal={R News},
  volume={2},
  number={3},
  pages={18--22},
  year={2002},
  url = {https://www.r-project.org/doc/Rnews/Rnews_2002-3.pdf}
}

@article{loh2002regression,
  author  = {Loh, Wei-Yin},
  journal = {Statistica Sinica},
  title   = {Regression tress with unbiased variable selection and interaction detection},
  year    = {2002},
  pages   = {361--386},
}

@article{massy1965principal,
  author    = {Massy, William F},
  journal   = {Journal of the American Statistical Association},
  title     = {Principal components regression in exploratory statistical research},
  year      = {1965},
  number    = {309},
  pages     = {234--256},
  volume    = {60},
  doi       = {10.1080/01621459.1965.10480787},
  publisher = {Taylor \& Francis},
}

@article{mcculloch1943logical,
  author    = {McCulloch, Warren S and Pitts, Walter},
  journal   = {The bulletin of mathematical biophysics},
  title     = {A logical calculus of the ideas immanent in nervous activity},
  year      = {1943},
  number    = {4},
  pages     = {115--133},
  volume    = {5},
  doi       = {10.1007/bf02459570},
  publisher = {Springer},
}


@Manual{R-e1071,
    title = {e1071: Misc Functions of the Department of Statistics, Probability
Theory Group (Formerly: E1071), TU Wien},
    author = {David Meyer and Evgenia Dimitriadou and Kurt Hornik and Andreas Weingessel and Friedrich Leisch},
    year = {2020},
    note = {R package version 1.7-4},
    url = {https://CRAN.R-project.org/package=e1071},
  }


@article{Mevik2007pls,
   author = {Björn-Helge Mevik and Ron Wehrens},
   title = {The pls Package: Principal Component and Partial Least Squares Regression in R},
   journal = {Journal of Statistical Software, Articles},
   volume = {18},
   number = {2},
   year = {2007},
   keywords = {},
   issn = {1548-7660},
   pages = {1--23},
   doi = {10.18637/jss.v018.i02},
   url = {https://www.jstatsoft.org/v018/i02}
}


@book{quinlan1993c4,
  title={C4.5: Programs for Machine Learning},
  author={Quinlan, J.R.},
  isbn={9781558602380},
  lccn={92032653},
  series={Morgan Kaufmann series in Machine Learning},
  year={1993},
  publisher={Elsevier Science}
}


@inproceedings{quinlan1992learning,
  title={Learning with continuous classes},
  author={Quinlan, John R and others},
  booktitle={5th Australian joint conference on artificial intelligence},
  volume={92},
  pages={343--348},
  year={1992},
  organization={World Scientific}
}

@article{tibshirani1996regression,
  author    = {Tibshirani, Robert},
  journal   = {Journal of the Royal Statistical Society: Series B (Methodological)},
  title     = {Regression shrinkage and selection via the lasso},
  year      = {1996},
  number    = {1},
  pages     = {267--288},
  volume    = {58},
  doi       = {10.1111/j.2517-6161.1996.tb02080.x},
  publisher = {Wiley Online Library},
}

@article{shannon1948mathematical,
  author  = {Shannon, Claude Elwood},
  journal = {The Bell System Technical Journal},
  title   = {A mathematical theory of communication},
  year    = {1948},
  number  = {3},
  pages   = {379--423},
  volume  = {27},
  doi     = {10.2307/410457},
}

@book{spinoza1667ethics,
  title={Ethics},
  author={Spinoza, Baruch},
  year={1677}
}

@article{strumbelj2010efficient,
  title={An efficient explanation of individual classifications using game theory},
  author={Strumbelj, Erik and Kononenko, Igor},
  journal={The Journal of Machine Learning Research},
  volume={11},
  pages={1--18},
  year={2010},
  publisher={JMLR. org}
}

@article{valiant1984theory,
  author    = {Valiant, Leslie G},
  journal   = {Communications of the ACM},
  title     = {A Theory of the Learnable},
  year      = {1984},
  number    = {11},
  pages     = {1134--1142},
  volume    = {27},
  doi       = {10.1145/800057.808710},
  publisher = {ACM New York, NY, USA},
}

@inproceedings{vinayak2015dart,
  title={Dart: Dropouts meet multiple additive regression trees},
  author={Vinayak, Rashmi Korlakai and Gilad-Bachrach, Ran},
  booktitle={Artificial Intelligence and Statistics},
  pages={489--497},
  year={2015},
  organization={PMLR}
}

@article{welch1939note,
  author    = {Welch, Bernard L},
  journal   = {Biometrika},
  title     = {Note on Discriminant Functions},
  year      = {1939},
  number    = {1/2},
  pages     = {218--220},
  volume    = {31},
  doi       = {10.2307/2334985},
  publisher = {JSTOR},
}

@InCollection{wold1983multivariate,
  author    = {Wold, Svante and Martens, Harold and Wold, Herman},
  booktitle = {Matrix pencils},
  publisher = {Springer},
  title     = {The multivariate calibration problem in chemistry solved by the PLS method},
  year      = {1983},
  pages     = {286--293},
  doi       = {10.1007/bfb0062108},
}

@article{wolpert1997no,
  author  = {Wolpert, D.H. and Macready, W.G.},
  journal = {IEEE Transactions on Evolutionary Computation},
  title   = {No free lunch theorems for optimization},
  year    = {1997},
  number  = {1},
  pages   = {67-82},
  volume  = {1},
  doi     = {10.1109/4235.585893},
}

@article{zou2005regularization,
  author    = {Zou, Hui and Hastie, Trevor},
  journal   = {Journal of the Royal Statistical Society, Series B (Statistical Methodology)},
  title     = {Regularization and Variable Selection via the Elastic Net},
  year      = {2005},
  number    = {2},
  pages     = {301--320},
  volume    = {67},
  doi       = {10.1111/j.1467-9868.2005.00503.x},
  publisher = {Wiley Online Library},
}

@book{zuur2009mixed,
  title={Mixed effects models and extensions in ecology with R},
  author={Zuur, Alain F and Ieno, Elena N and Walker, Neil J and Saveliev, Anatoly A and Smith, Graham M and others},
  volume={574},
  year={2009},
  publisher={Springer}
}

@book{dunn2018generalized,
  title={Generalized linear models with examples in R},
  author={Dunn, Peter K and Smyth, Gordon K},
  volume={53},
  year={2018},
  publisher={Springer}
}

@book{hardle2013applied,
  title={Applied Multivariate Statistical Analysis},
  author={H{\"a}rdle, W.K. and Simar, L.},
  isbn={9783662058022},
  lccn={2003054779},
  url={https://link.springer.com/book/10.1007/978-3-662-45171-7},
  year={2013},
  publisher={Springer}
}

@book{everitt2011introduction,
  title={An Introduction to Applied Multivariate Analysis with R},
  author={Everitt, B. and Hothorn, T.},
  isbn={9781441996497},
  lccn={2011926793},
  series={Use R!},
  url={https://link.springer.com/book/10.1007/978-1-4419-9650-3},
  year={2011},
  publisher={Springer}
}

@book{dalpiaz2022applied,
  title={Applied Statistics with R},
  author={David Dalpiaz},
  url={https://book.stat420.org},
  year={2022},
  publisher={Online book}
}

@book{dalpiaz2020statlearn,
  title={R for Statistical Learning},
  author={David Dalpiaz},
  url={https://daviddalpiaz.github.io/r4sl},
  year={2020},
  publisher={Online book}
}

@inproceedings{NIPS2001_ng,
 author = {Ng, Andrew and Jordan, Michael},
 booktitle = {Advances in Neural Information Processing Systems},
 editor = {T. Dietterich and S. Becker and Z. Ghahramani},
 pages = {},
 publisher = {MIT Press},
 title = {On Discriminative vs. Generative Classifiers: A comparison of logistic regression and naive Bayes},
 url = {https://proceedings.neurips.cc/paper_files/paper/2001/file/7b7a53e239400a13bd6be6c91c4f6c4e-Paper.pdf},
 volume = {14},
 year = {2001}
}

@book{hyndman2021forecasting,
  title={Forecasting: principles and practice (3rd edition)},
  author={Hyndman, Rob J and Athanasopoulos, George},
  url={https://otexts.com/fpp3},
  year={2021},
  publisher={OTexts}
}

@book{abad2001introducción,
  title={Introducci{\'o}n a la estad{\'\i}stica y sus aplicaciones},
  author={Abad, R.C. and Fern{\'a}ndez, M.F. and Fern{\'a}ndez, S.N. and Quindimil, M.A.P. and Brage, M.V. and Fern{\'a}ndez, J.A.V. and Fern{\'a}ndez, J.M.V.},
  isbn={9788436815436},
  series={Ciencia Y T{\'e}cnica},
  url={https://www.edicionespiramide.es/libro.php?id=242639},
  year={2001},
  publisher={Ediciones Pir{\'a}mide}
}

@book{szekely2023energy,
  title={The energy of data and distance correlation},
  author={Sz{\'e}kely, G{\'a}bor J and Rizzo, Maria L},
  year={2023},
  publisher={CRC Press}
}


@Comment{jabref-meta: databaseType:bibtex;}
