% Encoding: UTF-8

@Manual{rcore2023,
  title = {R: A Language and Environment for Statistical Computing},
  author = {{R Core Team}},
  organization = {R Foundation for Statistical Computing},
  address = {Vienna, Austria. \url{https://www.R-project.org}},
  year = {2023},
  comment = {https://www.R-project.org/},
}


@inproceedings{Hastie2004nips,
  author = {Hastie, Trevor and Rosset, Saharon and Tibshirani, Robert and Zhu, Ji},
  booktitle = {NIPS},
  ee = {http://papers.nips.cc/paper/2713-the-entire-regularization-path-for-the-support-vector-machine},
  pages = {561-568},
  title = {The Entire Regularization Path for the Support Vector Machine.},
  url = {http://dblp.uni-trier.de/db/conf/nips/nips2004.html#HastieRTZ04},
  year = 2004
}

@book{xie2015,
  author    = {Yihui Xie},
  publisher = {Chapman and Hall/CRC},
  title     = {Dynamic Documents with {R} and knitr},
  year      = {2015},
  address   = {Boca Raton, Florida},
  edition   = {2a.},
  note      = {ISBN 978-1498716963},
  doi       = {10.1201/b15166},
  url       = {http://yihui.name/knitr/},
}

@book{xie2018r,
  author    = {Xie, Yihui and Allaire, JJ and Grolemund, Garrett},
  publisher = {CRC Press. \url{https://bookdown.org/yihui/rmarkdown}},
  title     = {R Markdown: The Definitive Guide},
  year      = {2018},
  doi       = {10.1201/9781138359444},
  comment       = {https://bookdown.org/yihui/rmarkdown/},
}

@book{xie2016bookdown,
  author    = {Xie, Yihui},
  publisher = {Chapman and Hall/CRC},
  title     = {Bookdown: Authoring Books and Technical Documents with R Markdown},
  year      = {2016},
  doi       = {10.1201/9781315204963},
}


@book{james2021introduction,
  title={An Introduction to Statistical Learning: With Applications in R},
  edition   = {2a.},
  author = {James, Gareth and Witten, Daniela and Hastie, Trevor and Tibshirani, Robert},
  isbn={9781071614181},
  comment={https://www.statlearning.com},
  year={2021},
  publisher={Springer. \url{https://www.statlearning.com}}
}

@book{kuhn2013applied,
  author    = {Kuhn, Max and Johnson, Kjell},
  publisher = {Springer. \url{http://appliedpredictivemodeling.com}},
  title     = {Applied predictive modeling},
  year      = {2013},
  doi       = {10.1007/978-1-4614-6849-3},
  comment       = {http://appliedpredictivemodeling.com},
}

@book{williams2011data,
  title={Data mining with Rattle and R: The art of excavating data for knowledge discovery},
  author={Williams, Graham},
  year={2011},
  publisher={Springer Science \& Business Media}
}

@book{bellman1961adaptive,
  author    = {Bellman, Richard},
  publisher = {Princeton University Press},
  title     = {Adaptive Control Processes: a guided tour},
  year      = {1961},
}

@book{burger2018introduction,
  author={Burger, Scott V},
  title={Introduction to Machine Learning with R: Rigorous Mathematical Analysis},
  isbn={9781491976395},
  lccn={2018303264},
  year={2018},
  publisher={O'Reilly Media}
}

@book{breiman1984classification,
  title={Classification and Regression Trees},
  author={Breiman, Leo and Friedman, Jerome and Stone, Charles J and Olshen, Richard A},
  isbn={9780412048418},
  lccn={83019708},
  year={1984},
  publisher={Taylor and Francis}
}

@Book{chollet2018deep,
  author    = {Chollet, Fran{\c{c}}ois and Allaire, Joseph J},
  publisher = {Manning Publications},
  title     = {Deep Learning with R},
  year      = {2018},
  isbn      = {9781617295546},
  lccn      = {2018285360},
}

@book{de1978practical,
  author    = {De Boor, Carl and De Boor, Carl},
  publisher = {Springer-Verlag},
  title     = {A practical guide to splines},
  year      = {1978},
  doi       = {10.1007/978-1-4612-6333-3}
}

@book{efron2016computer,
  author    = {Efron, Bradley and Hastie, Trevor},
  publisher = {Cambridge University Press. \url{https://hastie.su.domains/CASI}},
  title     = {Computer Age Statistical Inference: Algorithms, Evidence and Data Science},
  year      = {2016},
  volume    = {5},
  doi       = {10.1017/cbo9781316576533},
  comment   = {https://hastie.su.domains/CASI//},
}

@book{fan1996,
  title={Local Polynomial Modelling and Its Applications},
  author={Fan, J and Gijbels, I},
  isbn={9780412983214},
  lccn={96083481},
  year={1996},
  publisher={Chapman and Hall}
}

@book{faraway2014linear,
  author    = {Faraway, J.J.},
  title     = {Linear Models with R},
  year      = {2016},
  edition   = {2a.},
  isbn      = {9781439887349},
  publisher = {Chapman \& Hall/CRC}
}

@book{faraway2016extending,
  title={Extending the linear model with R: generalized linear, mixed effects and nonparametric regression models},
  author={Faraway, Julian J},
  year={2016},
  publisher={CRC press}
}

@book{fernandez2023simbook,
 title={Técnicas de simulación y remuestreo},
  author={Fern\'andez-Casal, Rub\'en and Cao, Ricardo and Costa, Juli\'an},
  year={2023},
  publisher={\url{https://rubenfcasal.github.io/simbook}}
}

@book{fernandez2022intror,
 title={Introducción al Análisis de Datos con R},
  author={Fern\'andez-Casal, Rub\'en and Roca-Pardi\~nas, Javier and Costa, Juli\'an and Oviedo-de la Fuente, Manuel},
  year={2022},
  isbn = {9788409418237},
  publisher={\url{https://rubenfcasal.github.io/intror}}
}

@book{hair1998multivariate,
  title={Multivariate Data Analysis},
  author={Hair, Joseph F and Anderson, Rolph E and Tatham, Ronald L and Black, William},
  year={1998},
  isbn = {0138948585},
  publisher = {Prentice Hall}
}

@book{hastie1990generalized,
  author = {Hastie, Trevor and Tibshirani, Robert},
  title={Generalized Additive Models},
  isbn={9780203753781},
  series={Monographs on Statistics and Applied Probability},
  year={1990},
  publisher={Chapman and Hall},
  doi = {10.1201/9780203753781}
}

@book{hastie2009friedman,
  author    = {Hastie, Trevor and Tibshirani, Robert and Friedman, Jerome},
  publisher = {Springer},
  title     = {The Elements of Statistical Learning: Data Mining, Inference, and Prediction},
  year      = {2013},
  edition   = {2a.},
  isbn      = {9780387216065},
  series    = {Springer Series in Statistics},
  lccn      = {2001031433},
}

@inbook{hastie1991generalized,
  title={Generalized linear models},
  author={Hastie, Trevor and Pregibon, Daryl},
  booktitle={Statistical models in S},
  editor={Chambers, J.M. and Hastie, T.},
  chapter=7,
  pages={195--247},
  year={1991},
  publisher={Routledge}
}

@book{mccullagh2019generalized,
  title={Generalized linear models},
  author={McCullagh, Peter},
  year={2019},
  publisher={Routledge}
}

@book{hastie2019statistical,
  author    = {Hastie, Trevor and Tibshirani, Robert and Wainwright, Martin},
  publisher = {Chapman and Hall/CRC},
  title     = {Statistical Learning with Sparsity: The Lasso and Generalizations},
  year      = {2015},
  isbn      = {9781498712170},
  series    = {Chapman \& Hall/CRC Monographs on Statistics \& Applied Probability},
  lccn      = {2015014842},
  url       = {https://web.stanford.edu/~hastie/StatLearnSparsity},
}

@book{irizarry2019introduction,
  author    = {Irizarry, Rafael A},
  publisher = {CRC Press. \url{https://rafalab.github.io/dsbook}},
  title     = {Introduction to data science: data analysis and prediction algorithms with R},
  year      = {2019},
  doi       = {10.1201/9780429341830},
  comment   = {https://rafalab.github.io/dsbook},
}

@book{molnar2020interpretable,
  title={Interpretable Machine Learning: A Guide for Making Black Box Models Explainable},
  author={Molnar, Christoph},
  year={2023},
  publisher={Lulu.com. \url{https://christophm.github.io/interpretable-ml-book}},
  comment ={https://christophm.github.io/interpretable-ml-book}
}

@book{torgo2011data,
  title={Data mining with R: learning with case studies},
  author={Torgo, Luis},
  year={2011},
  publisher={Chapman and Hall/CRC}
}

@book{vapnik2000nature,
  title={The Nature of Statistical Learning Theory},
  author={Vapnik, V.N.},
  isbn={9781475732641},
  lccn={95024205},
  url={https://link.springer.com/book/10.1007/978-1-4757-3264-1},
  year={2000},
  publisher={Springer}
}

@book{vapnik1998statistical,
  title={Statistical Learning Theory},
  author={Vapnik, V.N.},
  isbn={9780471030034},
  lccn={97037075},
  url={https://www.wiley.com/en-us/Statistical+Learning+Theory-p-9780471030034},
  year={1998},
  publisher={Wiley}
}

@article{werbos1974new,
  title={New tools for prediction and analysis in the behavioral sciences},
  author={Werbos, Paul},
  journal={Tesis doctoral, Harvard University},
  year={1974}
}

@book{wickham2016r,
  title={R for Data Science: Import, Tidy, Transform, Visualize, and Model Data},
  isbn={9781491910344},
  lccn={2017300238},
  author={Wickham, Hadley and Grolemund, Garrett},
  year={2016},
  publisher={O'Reilly. \url{https://r4ds.had.co.nz}},
  comment = {https://r4ds.had.co.nz/}
}

@book{wood2017generalized,
  title={Generalized Additive Models: An Introduction with R},
  edition = {2a.},
  author={Wood, Simon N},
  isbn={9781498728348},
  year={2017},
  publisher={Chapman \& Hall/CRC}
}

@Article{agor2019feature,
  author    = {Agor, Joseph and {\"O}zalt{\i}n, Osman Y},
  journal   = {Computers and Operations Research},
  title     = {Feature selection for classification models via bilevel optimization},
  year      = {2019},
  pages     = {156--168},
  volume    = {106},
  doi       = {10.1016/j.cor.2018.05.005},
  publisher = {Elsevier},
}

@book{becker2021mlr3,
  author = {Becker, Marc and Binder, Martin and Bischl, Bernd and Lang, Michel and Pfisterer, Florian and Reich, Nicholas G and Richter, Jakob and Schratz, Patrick and Sonabend, Raphael and Pulatov, Damir},
  title  = {mlr3 book},
  year   = {2021},
  publisher = {\url{https://mlr3book.mlr-org.com}}
}

@article{berntsson1986comparison,
  author    = {Berntsson, Peder and Wold, Svante},
  journal   = {Quantitative Structure-Activity Relationships},
  title     = {Comparison between x-ray crystallographic data and physicochemical parameters with respect to their information about the calcium channel antagonist activity of 4-phenyl-1, 4-dihydropyridines},
  year      = {1986},
  number    = {2},
  pages     = {45--50},
  volume    = {5},
  doi       = {10.1002/qsar.19860050202},
  publisher = {Wiley Online Library},
}

@article{biecek2018dalex,
  title={{DALEX: explainers for complex predictive models in R}},
  author={Biecek, Przemys{\l}aw},
  journal={The Journal of Machine Learning Research},
  volume={19},
  number={1},
  pages={3245--3249},
  year={2018},
  publisher={JMLR. org},
  url={http://www.jmlr.org/papers/volume19/18-416/18-416.pdf}
}

@InProceedings{boser1992training,
  author    = {Boser, Bernhard E and Guyon, Isabelle M and Vapnik, Vladimir N},
  booktitle = {Proceedings of the fifth annual workshop on Computational learning theory},
  title     = {A training algorithm for optimal margin classifiers},
  year      = {1992},
  pages     = {144--152},
  doi       = {10.1145/130385.130401},
}

@article{breiman1996bagging,
  author    = {Breiman, Leo},
  journal   = {Machine Learning},
  title     = {Bagging predictors},
  year      = {1996},
  number    = {2},
  pages     = {123--140},
  volume    = {24},
  doi       = {10.1007/bf00058655},
  publisher = {Springer},
}

@article{breiman2001random,
  author    = {Breiman, Leo},
  journal   = {Machine Learning},
  title     = {Random forests},
  year      = {2001},
  number    = {1},
  pages     = {5--32},
  volume    = {45},
  publisher = {Springer},
}

@article{breiman2001statistical,
  author    = {Breiman, Leo},
  journal   = {Statistical Science},
  title     = {Statistical modeling: The two cultures (with comments and a rejoinder by the author)},
  year      = {2001},
  number    = {3},
  pages     = {199--231},
  volume    = {16},
  doi       = {10.1214/ss/1009213726},
  publisher = {Institute of Mathematical Statistics},
}

@InProceedings{chen2016xgboost,
  author    = {Chen, Tianqi and Guestrin, Carlos},
  booktitle = {Proceedings of the 22nd acm sigkdd international conference on knowledge discovery and data mining},
  title     = {Xgboost: A scalable tree boosting system},
  year      = {2016},
  pages     = {785--794},
  doi       = {10.1145/2939672.2939785},
}

@Article{comon1994independent,
  author    = {Comon, Pierre},
  journal   = {Signal Processing},
  title     = {Independent component analysis, a new concept?},
  year      = {1994},
  number    = {3},
  pages     = {287--314},
  volume    = {36},
  doi       = {10.1016/0165-1684(94)90029-9},
  publisher = {Elsevier},
}

@article{cortes1995support,
  author    = {Cortes, Corinna and Vapnik, Vladimir},
  journal   = {Machine Learning},
  title     = {Support-vector networks},
  year      = {1995},
  number    = {3},
  pages     = {273--297},
  volume    = {20},
  doi       = {10.1007/bf00994018},
  publisher = {Springer},
}

@Article{cortez2009modeling,
  author    = {Cortez, Paulo and Cerdeira, Ant{\'o}nio and Almeida, Fernando and Matos, Telmo and Reis, Jos{\'e}},
  journal   = {Decision Support Systems},
  title     = {Modeling wine preferences by data mining from physicochemical properties},
  year      = {2009},
  number    = {4},
  pages     = {547--553},
  volume    = {47},
  doi       = {10.1016/j.dss.2009.05.016},
  publisher = {Elsevier},
}

@Article{craven1978smoothing,
  author    = {Craven, Peter and Wahba, Grace},
  journal   = {Numerische Mathematik},
  title     = {Smoothing noisy data with spline functions},
  year      = {1978},
  number    = {4},
  pages     = {377--403},
  volume    = {31},
  doi       = {10.1007/bf01404567},
  publisher = {Springer},
}

@Article{culp2006ada,
  author  = {Culp, Mark and Johnson, Kjell and Michailidis, George},
  journal = {Journal of Statistical Software},
  title   = {ada: An R Package for Stochastic Boosting},
  year    = {2006},
  number  = {2},
  pages   = {1–27},
  volume  = {17},
  doi     = {10.18637/jss.v017.i02},
  url     = {https://www.jstatsoft.org/article/view/v017i02},
}

@article{dietterich2000experimental,
  title={An experimental comparison of three methods for constructing ensembles of decision trees: Bagging, boosting, and randomization},
  author={Dietterich, Thomas G},
  journal={Machine Learning},
  volume={40},
  number={2},
  pages={139--157},
  year={2000},
  publisher={Springer}
}

@InProceedings{drucker1997support,
  author    = {Drucker, Harris and Burges, Chris JC and Kaufman, Linda and Smola, Alex and Vapnik, Vladimir},
  booktitle = {Advances in Neural Information Processing Systems},
  title     = {Support Vector Regression Machines},
  year      = {1997},
  pages     = {155--161},
  publisher = {MIT Press}
}

@Article{dunson2018statistics,
  author    = {Dunson, David B},
  journal   = {Statistics and Probability Letters},
  title     = {Statistics in the big data era: Failures of the machine},
  year      = {2018},
  pages     = {4--9},
  volume    = {136},
  doi       = {10.1016/j.spl.2018.02.028},
  publisher = {Elsevier},
}

@article{efron2004least,
  author    = {Efron, Bradley and Hastie, Trevor and Johnstone, Iain and Tibshirani, Robert},
  journal   = {The Annals of Statistics},
  title     = {Least angle regression},
  year      = {2004},
  number    = {2},
  pages     = {407--499},
  volume    = {32},
  doi       = {10.1214/009053604000000067},
  publisher = {Institute of Mathematical Statistics},
}

@Article{eilers1996flexible,
  author    = {Eilers, Paul HC and Marx, Brian D},
  journal   = {Statistical Science},
  title     = {Flexible smoothing with B-splines and penalties},
  year      = {1996},
  number    = {2},
  pages     = {89--121},
  volume    = {11},
  doi       = {10.1214/ss/1038425655},
  publisher = {Institute of Mathematical Statistics},
  url       = {https://www.jstor.org/stable/pdf/2246049.pdf},
}

@article{fisher1936use,
  author    = {Fisher, Ronald A},
  journal   = {Annals of eugenics},
  title     = {The use of multiple measurements in taxonomic problems},
  year      = {1936},
  number    = {2},
  pages     = {179--188},
  volume    = {7},
  doi       = {10.1111/j.1469-1809.1936.tb02137.x},
  publisher = {Wiley Online Library},
}

@inproceedings{freund1996schapire,
  title={{Schapire R: Experiments with a new boosting algorithm}},
  author={Freund, Yoav and Schapire, Robert E},
  booktitle={Thirteenth International Conference on ML},
  year={1996},
  organization={ICML}
}

@article{friedman1989regularized,
  author    = {Friedman, Jerome},
  journal   = {Journal of the American Statistical Association},
  title     = {Regularized discriminant analysis},
  year      = {1989},
  number    = {405},
  pages     = {165--175},
  volume    = {84},
  doi       = {10.1080/01621459.1989.10478752},
  publisher = {Taylor \& Francis},
}

@article{friedman1991multivariate,
  author    = {Friedman, Jerome},
  journal   = {The Annals of Statistics},
  title     = {{Multivariate Adaptive Regression Splines}},
  year      = {1991},
  number    = {1},
  pages     = {1--67},
  volume    = {19},
  doi       = {10.1214/aos/1176347963},
  keywords  = {AID, CART, multivariable function approximation, multivariate smoothing, Nonparametric multiple regression, recursive partitioning, splines, statistical learning neural networks},
  publisher = {Institute of Mathematical Statistics},
}


@article{friedman2001greedy,
  title={Greedy function approximation: a gradient boosting machine},
  author={Friedman, Jerome},
  journal={The Annals of Statistics},
  pages={1189--1232},
  year={2001},
  publisher={JSTOR},
  url = {https://projecteuclid.org/euclid.aos/1013203451},
 doi = {10.1214/aos/1013203451}
}

@article{friedman2002stochastic,
  title={Stochastic gradient boosting},
  author={Friedman, Jerome},
  journal={Computational Statistics \& data analysis},
  volume={38},
  number={4},
  pages={367--378},
  year={2002},
  publisher={Elsevier},
  url = {https://www.sciencedirect.com/science/article/pii/S0167947301000652},
  doi = {10.1016/S0167-9473(01)00065-2}
}

@article{friedman2000additive,
  author    = {Friedman, Jerome and Hastie, Trevor and Tibshirani, Robert},
  journal   = {The Annals of Statistics},
  title     = {Additive logistic regression: a statistical view of boosting (with discussion and a rejoinder by the authors)},
  year      = {2000},
  number    = {2},
  pages     = {337--407},
  volume    = {28},
  doi       = {10.1214/aos/1016218223},
  publisher = {Institute of Mathematical Statistics},
  url       = {https://projecteuclid.org/euclid.aos/1016218223},
}

@article{friedman2008predictive,
  author    = {Friedman, Jerome and Popescu, Bogdan E},
  journal   = {The Annals of Applied Statistics},
  title     = {Predictive learning via rule ensembles},
  year      = {2008},
  number    = {3},
  pages     = {916--954},
  volume    = {2},
  doi       = {10.1214/07-aoas148},
  publisher = {Institute of Mathematical Statistics},
}

@article{friedman1974projection,
  author    = {Friedman, Jerome and Tukey, John},
  journal   = {IEEE Transactions on computers},
  title     = {A projection pursuit algorithm for exploratory data analysis},
  year      = {1974},
  number    = {9},
  pages     = {881--890},
  volume    = {100},
  doi       = {10.1109/t-c.1974.224051},
  publisher = {IEEE},
}

@article{friedman1981projection,
  author    = {Friedman, Jerome and Stuetzle, Werner},
  journal   = {Journal of the American Statistical Association},
  title     = {Projection pursuit regression},
  year      = {1981},
  number    = {376},
  pages     = {817--823},
  volume    = {76},
  doi       = {10.1080/01621459.1981.10477729},
  publisher = {Taylor \& Francis},
}

@article{goldstein2015peeking,
  author    = {Alex Goldstein and Adam Kapelner and Justin Bleich and Emil Pitkin},
  journal   = {Journal of Computational and Graphical Statistics},
  title     = {Peeking Inside the Black Box: Visualizing Statistical Learning With Plots of Individual Conditional Expectation},
  year      = {2015},
  number    = {1},
  pages     = {44-65},
  volume    = {24},
  doi       = {10.1080/10618600.2014.907095},
  publisher = {Taylor & Francis},
}

@article{greenwell2020dblp,
  author = {Brandon M. Greenwell},
  title = {{pdp: An R Package for Constructing Partial Dependence Plots}},
  year = {2017},
  journal = {{The R Journal}},
  doi = {10.32614/RJ-2017-016},
  pages = {421--436},
  volume = {9},
  number = {1}
}

@article{hastie1996fisher,
  author    = {Hastie, Trevor and Tibshirani, Robert},
  journal   = {Journal of the Royal Statistical Society. Series B (Methodological)},
  title     = {Discriminant Analysis by Gaussian Mixtures},
  year      = {1996},
  issn      = {00359246},
  number    = {1},
  pages     = {155--176},
  volume    = {58},
  doi       = {10.1111/j.2517-6161.1996.tb02073.x},
  publisher = {[Royal Statistical Society, Wiley]},
  url       = {http://www.jstor.org/stable/2346171},
}

@article{hastie2004entire,
  author  = {Hastie, Trevor and Rosset, Saharon and Tibshirani, Robert and Zhu, Ji},
  journal = {Journal of Machine Learning Research},
  title   = {The entire regularization path for the support vector machine},
  year    = {2004},
  pages   = {1391--1415},
  volume  = {5},
}

@article{hoerl1970ridge,
  author    = {Hoerl, Arthur E and Kennard, Robert W},
  journal   = {Technometrics},
  title     = {Ridge regression: Biased estimation for nonorthogonal problems},
  year      = {1970},
  number    = {1},
  pages     = {55--67},
  volume    = {12},
  doi       = {10.1080/00401706.2000.10485983},
  publisher = {Taylor \& Francis},
}

@article{hothorn2006unbiased,
  author    = {Hothorn, Torsten and Hornik, Kurt and Zeileis, Achim},
  journal   = {Journal of Computational and Graphical Statistics},
  title     = {Unbiased recursive partitioning: A conditional inference framework},
  year      = {2006},
  number    = {3},
  pages     = {651--674},
  volume    = {15},
  doi       = {10.1198/106186006x133933},
  publisher = {Taylor \& Francis},
}

@article{ichimura1993,
  author  = {Hidehiko Ichimura},
  journal = {Journal of Econometrics},
  title   = {Semiparametric least squares (SLS) and weighted SLS estimation of single-index models},
  year    = {1993},
  issn    = {0304-4076},
  number  = {1},
  pages   = {71-120},
  volume  = {58},
  doi     = {10.1016/0304-4076(93)90114-K},
}

@article{kass1980exploratory,
  author    = {Kass, Gordon V},
  journal   = {Journal of the Royal Statistical Society: Series C (Applied Statistics)},
  title     = {An exploratory technique for investigating large quantities of categorical data},
  year      = {1980},
  number    = {2},
  pages     = {119--127},
  volume    = {29},
  doi       = {10.2307/2986296},
  publisher = {Wiley Online Library},
}

@article{kernlab2004,
   author = {Alexandros Karatzoglou and Alexandros Smola and Kurt Hornik and Achim Zeileis},
   title = {kernlab - An S4 Package for Kernel Methods in R},
   journal = {Journal of Statistical Software},
   volume = {11},
   number = {9},
   year = {2004},
   keywords = {},
   issn = {1548-7660},
   pages = {1--20},
   doi = {10.18637/jss.v011.i09},
}

@article{kearns_cryptographic_1994,
  author  = {Kearns, Michael and Valiant, Leslie},
  journal = {Journal of the ACM},
  title   = {Cryptographic limitations on learning {Boolean} formulae and finite automata},
  year    = {1994},
  number  = {1},
  pages   = {67--95},
  volume  = {41},
  doi     = {10.1145/174644.174647},
}

@InProceedings{kruskal1969toward,
  author       = {Kruskal, Joseph B},
  booktitle    = {Statistical Computation},
  title        = {Toward a practical method which helps uncover the structure of a set of multivariate observations by finding the linear transformation which optimizes a new “index of condensation”},
  year         = {1969},
  organization = {Elsevier},
  pages        = {427--440},
  doi          = {10.1016/b978-0-12-498150-8.50024-0},
}

@book{kuhn2022tidy,
  title={Tidy Modeling with R},
  author={Kuhn, M. and Silge, J.},
  isbn={9781492096450},
  comment={https://www.tmwr.org},
  year={2022},
  publisher={O'Reilly. \url{https://www.tmwr.org}}
}

@article{kuhn2008building,
  author  = {Max Kuhn},
  journal = {Journal of Statistical Software},
  title   = {Building Predictive Models in {R} Using the caret Package},
  year    = {2008},
  issn    = {1548-7660},
  number  = {5},
  pages   = {1--26},
  volume  = {28},
  doi     = {10.18637/jss.v028.i05},
  url     = {https://www.jstatsoft.org/v028/i05},
}

@article{kvaalseth1985cautionary,
  author    = {Kv{\aa}lseth, Tarald O},
  journal   = {The American Statistician},
  title     = {Cautionary note about {R2}},
  year      = {1985},
  number    = {4},
  pages     = {279--285},
  volume    = {39},
  doi       = {10.1080/00031305.1985.10479448},
  publisher = {Taylor \& Francis},
}

@article{kvaalseth1985weighted,
  author    = {Kv{\aa}lseth, Tarald O},
  journal   = {Bulletin of the Psychonomic Society},
  title     = {Weighted conditional kappa},
  year      = {1985},
  number    = {6},
  pages     = {503--505},
  volume    = {23},
  doi       = {10.3758/bf03329866},
  publisher = {Springer},
}

@Article{lauro1996computational,
  author  = {Lauro, Carlo},
  journal = {Computational Statistics \& Data Analysis},
  title   = {Computational statistics or statistical computing, is that the question?},
  year    = {1996},
  issn    = {0167-9473},
  number  = {1},
  pages   = {191-193},
  volume  = {23},
  doi     = {10.1016/0167-9473(96)88920-1}
}

@article{liaw2002classification,
  title={Classification and Regression by {randomForest}},
  author={Liaw, Andy and Wiener, Matthew},
  journal={R News},
  volume={2},
  number={3},
  pages={18--22},
  year={2002},
  url = {https://www.r-project.org/doc/Rnews/Rnews_2002-3.pdf}
}

@article{loh2002regression,
  author  = {Loh, Wei-Yin},
  journal = {Statistica Sinica},
  title   = {Regression tress with unbiased variable selection and interaction detection},
  year    = {2002},
  pages   = {361--386},
}

@article{massy1965principal,
  author    = {Massy, William F},
  journal   = {Journal of the American Statistical Association},
  title     = {Principal components regression in exploratory statistical research},
  year      = {1965},
  number    = {309},
  pages     = {234--256},
  volume    = {60},
  doi       = {10.1080/01621459.1965.10480787},
  publisher = {Taylor \& Francis},
}

@article{mcculloch1943logical,
  author    = {McCulloch, Warren S and Pitts, Walter},
  journal   = {The bulletin of Mathematical Biophysics},
  title     = {A logical calculus of the ideas immanent in nervous activity},
  year      = {1943},
  number    = {4},
  pages     = {115--133},
  volume    = {5},
  doi       = {10.1007/bf02459570},
  publisher = {Springer},
}


@Manual{R-e1071,
    title = {{e1071: Misc Functions of the Department of Statistics, Probability
Theory Group (Formerly: E1071), TU Wien}},
    author = {David Meyer and Evgenia Dimitriadou and Kurt Hornik and Andreas Weingessel and Friedrich Leisch},
    year = {2020},
    note = {R package version 1.7-4},
    url = {https://cran.r-project.org/package=e1071},
  }


@article{Mevik2007pls,
   author = {Björn-Helge Mevik and Ron Wehrens},
   title = {The pls Package: Principal Component and Partial Least Squares Regression in {R}},
   journal = {Journal of Statistical Software},
   volume = {18},
   number = {2},
   year = {2007},
   keywords = {},
   issn = {1548-7660},
   pages = {1--23},
   doi = {10.18637/jss.v018.i02},
   url = {https://www.jstatsoft.org/v018/i02}
}


@book{quinlan1993c4,
  title={C4.5: Programs for Machine Learning},
  author={Quinlan, John Ross},
  isbn={9781558602380},
  lccn={92032653},
  year={1993},
  publisher={Elsevier}
}


@article{quinlan1986induction,
  title={Induction of decision trees},
  author={Quinlan, John Ross},
  journal={Machine Learning},
  volume={1},
  pages={81--106},
  year={1986}
}

@inproceedings{quinlan1992learning,
  title={Learning with continuous classes},
  author={Quinlan, John Ross},
  booktitle={5th Australian joint conference on artificial intelligence},
  pages={343--348},
  year={1992},
  organization={World Scientific}
}

@article{tibshirani1996regression,
  author    = {Tibshirani, Robert},
  journal   = {Journal of the Royal Statistical Society: Series B (Methodological)},
  title     = {Regression shrinkage and selection via the lasso},
  year      = {1996},
  number    = {1},
  pages     = {267--288},
  volume    = {58},
  doi       = {10.1111/j.2517-6161.1996.tb02080.x},
  publisher = {Wiley Online Library},
}

@article{shannon1948mathematical,
  author  = {Shannon, Claude Elwood},
  journal = {The Bell System Technical Journal},
  title   = {A mathematical theory of communication},
  year    = {1948},
  number  = {3},
  pages   = {379--423},
  volume  = {27},
  doi     = {10.2307/410457},
}

@book{spinoza1667ethics,
  title={Ethics},
  author={Spinoza, Baruch},
  year={1677}
}

@article{strumbelj2010efficient,
  title={An efficient explanation of individual classifications using game theory},
  author={Strumbelj, Erik and Kononenko, Igor},
  journal={The Journal of Machine Learning Research},
  volume={11},
  pages={1--18},
  year={2010},
  publisher={JMLR. org}
}

@article{valiant1984theory,
  author    = {Valiant, Leslie G},
  journal   = {Communications of the ACM},
  title     = {A Theory of the Learnable},
  year      = {1984},
  number    = {11},
  pages     = {1134--1142},
  volume    = {27},
  doi       = {10.1145/800057.808710},
  publisher = {ACM New York, NY, USA},
}

@inproceedings{vinayak2015dart,
  title={Dart: Dropouts meet multiple additive regression trees},
  author={Vinayak, Rashmi Korlakai and Gilad-Bachrach, Ran},
  booktitle={Artificial Intelligence and Statistics},
  pages={489--497},
  year={2015},
  organization={PMLR}
}

@article{welch1939note,
  author    = {Welch, Bernard L},
  journal   = {Biometrika},
  title     = {Note on Discriminant Functions},
  year      = {1939},
  number    = {1/2},
  pages     = {218--220},
  volume    = {31},
  doi       = {10.2307/2334985},
  publisher = {JSTOR},
}

@InCollection{wold1983multivariate,
  author    = {Wold, Svante and Martens, Harold and Wold, Herman},
  booktitle = {Matrix pencils},
  publisher = {Springer},
  title     = {The multivariate calibration problem in chemistry solved by the {PLS} method},
  year      = {1983},
  pages     = {286--293},
  doi       = {10.1007/bfb0062108},
}

@article{wolpert1997no,
  author  = {Wolpert, D.H. and Macready, W.G.},
  journal = {IEEE Transactions on Evolutionary Computation},
  title   = {No free lunch theorems for optimization},
  year    = {1997},
  number  = {1},
  pages   = {67-82},
  volume  = {1},
  doi     = {10.1109/4235.585893},
}

@article{zou2005regularization,
  author    = {Zou, Hui and Hastie, Trevor},
  journal   = {Journal of the Royal Statistical Society, Series B (Statistical Methodology)},
  title     = {Regularization and Variable Selection via the Elastic Net},
  year      = {2005},
  number    = {2},
  pages     = {301--320},
  volume    = {67},
  doi       = {10.1111/j.1467-9868.2005.00503.x},
  publisher = {Wiley Online Library},
}

@book{zuur2009mixed,
  title={Mixed effects models and extensions in ecology with R},
  author={Zuur, Alain F and Ieno, Elena N and Walker, Neil J and Saveliev, Anatoly A and Smith, Graham M and others},
  volume={574},
  year={2009},
  publisher={Springer}
}

@book{dunn2018generalized,
  title={Generalized linear models with examples in R},
  author={Dunn, Peter K and Smyth, Gordon K},
  year={2018},
  publisher={Springer}
}

@book{hardle2013applied,
  title={Applied Multivariate Statistical Analysis},
  author={H{\"a}rdle, W.K. and Simar, L.},
  isbn={9783662058022},
  lccn={2003054779},
  url={https://link.springer.com/book/10.1007/978-3-662-45171-7},
  year={2013},
  publisher={Springer}
}

@book{everitt2011introduction,
  title={An Introduction to Applied Multivariate Analysis with {R}},
  author={Everitt, B. and Hothorn, T.},
  isbn={9781441996497},
  lccn={2011926793},
  url={https://link.springer.com/book/10.1007/978-1-4419-9650-3},
  year={2011},
  publisher={Springer}
}

@book{dalpiaz2022applied,
  title={Applied Statistics with {R}},
  author={David Dalpiaz},
  comment={https://book.stat420.org},
  year={2022},
  publisher={\url{https://book.stat420.org}}
}

@book{dalpiaz2020statlearn,
  title={R for Statistical Learning},
  author={David Dalpiaz},
  comment={https://daviddalpiaz.github.io/r4sl},
  year={2020},
  publisher={\url{https://daviddalpiaz.github.io/r4sl}}
}

@inproceedings{NIPS2001_ng,
 author = {Ng, Andrew and Jordan, Michael},
 booktitle = {Advances in Neural Information Processing Systems},
 editor = {T. Dietterich and S. Becker and Z. Ghahramani},
 pages = {},
 publisher = {MIT Press},
 title = {On Discriminative vs. Generative Classifiers: A comparison of logistic regression and naive Bayes},
 url = {https://proceedings.neurips.cc/paper_files/paper/2001/file/7b7a53e239400a13bd6be6c91c4f6c4e-Paper.pdf},
 year = {2001}
}

@book{hyndman2021forecasting,
  title={Forecasting: principles and practice},
  edition = {3a.},
  author={Hyndman, Rob J and Athanasopoulos, George},
  comment={https://otexts.com/fpp3},
  year={2021},
  publisher={OTexts. \url{https://otexts.com/fpp3}}
}

@book{abad2001introduccion,
  title={Introducci{\'o}n a la estad{\'\i}stica y sus aplicaciones},
  author={Cao Abad, Ricardo  and Vilar Fern{\'a}ndez, Juan Manuel  and
  Presedo Quindimil, Manuel Antonio  and Vilar Fern{\'a}ndez, Jos{\'e} Antonio and
  Francisco Fern{\'a}ndez, Mario and Salvador, Naya and V{\'a}zquez Brage, Margarita},
  isbn={9788436815436},
  url={https://www.edicionespiramide.es/libro.php?id=242639},
  year={2001},
  publisher={Ediciones Pir{\'a}mide}
}

@article{penrose1985generalized,
  title={Generalized body composition prediction equation for men using simple measurement techniques},
  author={Penrose, Keith W and Nelson, AG and Fisher, AG},
  journal={Medicine \& Science in Sports \& Exercise},
  volume={17},
  number={2},
  pages={189},
  year={1985},
  url={https://doi.org/10.1249/00005768-198504000-00037},
  publisher={Ovid Technologies (Wolters Kluwer Health)}
}

@article{szekely2007measuring,
  title = {{Measuring and testing dependence by correlation of distances}},
  author = {G{\'a}bor J. Sz{\'e}kely and Maria L. Rizzo and Nail K. Bakirov},
  volume = {35},
  journal = {The Annals of Statistics},
  number = {6},
  publisher = {Institute of Mathematical Statistics},
  pages = {2769--2794},
  keywords = {Distance correlation, distance covariance, multivariate independence},
  year = {2007},
  doi = {10.1214/009053607000000505},
  URL = {https://doi.org/10.1214/009053607000000505}
}


@book{kuhn2019feature,
  title={Feature Engineering and Selection: A Practical Approach for Predictive Models},
  author={Kuhn, M. and Johnson, K.},
  isbn={9781351609463},
  comment={http://www.feat.engineering/},
  year={2019},
  publisher={Chapman \& Hall/CRC. \url{http://www.feat.engineering}}
}

@article{febrero2019variable,
  title={Variable selection in functional additive regression models},
  author={Febrero-Bande, Manuel and Gonz{\'a}lez-Manteiga, Wenceslao and Oviedo de la Fuente, Manuel},
  journal={Computational Statistics},
  volume={34},
  pages={469--487},
  year={2019},
  publisher={Springer},
  url ={ https://doi.org/10.1007/s00180-018-0844-5}
}

@book{van1995python,
  title={Python reference manual},
  author={Van Rossum, Guido and Drake Jr., Fred L},
  year={1991},
  publisher={Instituto Nacional de Investigación en Matemáticas e Informática (CWI), Holanda}
}


@book{miller1973probabilidad,
  title={Probabilidad y estadística para ingenieros},
  author={Miller, I. and Freund, J.E. and Romero, C.O.},
  isbn={9788429150940},
  url={https://www.reverte.com/libro/probabilidad-y-estadistica-para-
ingenieros_89225/},
  year={1973},
  publisher={Reverté}
}

@book{lawson2014design,
  title={Design and Analysis of Experiments with R},
  author={Lawson, J.},
  isbn={9781498728485},
  url={https://www.taylorfrancis.com/books/mono/10.1201/b17883/design-
analysis-experiments-john-lawson},
  year={2014},
  publisher={Chapman \& Hall/CRC Press}
}


@article{cohen1960,
  title={A Coefficient of Agreement for Nominal Scales},
  volume={20}, ISSN={1552-3888},
  url={http://dx.doi.org/10.1177/001316446002000104},
  DOI={10.1177/001316446002000104}, number={1},
  journal={Educational and Psychological Measurement},
  publisher={SAGE Publications},
  author={Cohen, Jacob},
  year={1960},
  pages={37–46}
}

@article{ruppert1995effective,
  title={An effective bandwidth selector for local least squares regression},
  author={Ruppert, David and Sheather, Simon J and Wand, Matthew P},
  journal={Journal of the American Statistical Association},
  volume={90},
  number={432},
  pages={1257--1270},
  year={1995},
  publisher={Taylor \& Francis}
}

@book{bischl2024applied,
  title={Applied machine learning using mlr3 in R},
  author={Bischl, Bernd and Sonabend, Raphael and Kotthoff, Lars and Lang, Michel},
  year={2024},
  publisher={CRC Press}
}

@book{caret2019manual,
  title={The caret Package},
  author={Kuhn, Max},
  year={2019},
  publisher={\url{https://topepo.github.io/caret}}
}

@inproceedings{ledell2020h2o,
  title={H2o automl: Scalable automatic machine learning},
  author={LeDell, Erin and Poirier, Sebastien},
  booktitle={Proceedings of the AutoML Workshop at ICML},
  year={2020},
  organization={ICML}
}

@Book{MASS,
  title = {Modern Applied Statistics with S},
  author = {Venables, W. N. and Ripley, B. D.},
  publisher = {Springer},
  edition = {4a.},
  year = {2002},
  url = {https://www.stats.ox.ac.uk/pub/MASS4/},
}


@Comment{jabref-meta: databaseType:bibtex;}


@Comment{PAQUETES DE r}

@Manual{R-AppliedPredictiveModeling,
  title = {{AppliedPredictiveModeling: Functions and Data Sets for Applied Predictive Modeling}},
  author = {Max Kuhn and Kjell Johnson},
  year = {2018},
  note = {R package version 1.1-7},
  url = {https://cran.r-project.org/package=AppliedPredictiveModeling},
}

@Manual{R-car,
  title = {{car: Companion to Applied Regression}},
  author = {John Fox and Sanford Weisberg and Brad Price},
  year = {2023},
  note = {R package version 3.1-2},
  url = {https://cran.r-project.org/package=car},
}

@Manual{R-caret,
  title = {{caret: Classification and Regression Training}},
  author = {Max Kuhn},
  year = {2023},
  note = {R package version 6.0-94},
  url = {https://cran.r-project.org/package=caret},
}

@Manual{R-gbm,
  title = {{gbm: Generalized Boosted Regression Models}},
  author = {Brandon Greenwell and Bradley Boehmke and Jay Cunningham and GBM Developers},
  year = {2022},
  note = {R package version 2.1.8.1},
  url = {https://cran.r-project.org/package=gbm},
}

@Manual{R-glmnet,
  title = {{glmnet: Lasso and Elastic-Net Regularized Generalized Linear Models}},
  author={Friedman, Jerome and Hastie, Trevor and Tibshirani, Rob and Narasimhan, Balasubramanian and Tay, Kenneth and Simon, Noah and Qian, Junyang and Yang, James},
  year = {2023},
  note = {R package version 4.1-8},
  url = {https://cran.r-project.org/package=glmnet},
}

@Manual{R-ISLR,
  title = {{ISLR: Data for an Introduction to Statistical Learning with
Applications in R}},
  author = {Gareth James and Daniela Witten and Trevor Hastie and Rob Tibshirani},
  year = {2021},
  note = {R package version 1.4},
  url = {https://cran.r-project.org/package=ISLR},
}

@Manual{R-MASS,
  title = {{MASS: Support Functions and Datasets for Venables and Ripley's MASS}},
  author = {Brian Ripley},
  year = {2023},
  note = {R package version 7.3-60},
  url = {https://cran.r-project.org/package=MASS},
}

@Manual{R-mpae,
  title = {{mpae: Metodos Predictivos de Aprendizaje Estadistico (Statistical
Learning Predictive Methods)}},
  author = {Fern\'andez-Casal, Rub\'en and {Oviedo-de la Fuente}, Manuel and Costa-Bouzas, Juli\'an},
  year = {2024},
  note = {R package version 0.1.2. \url{https://github.com/rubenfcasal/mpae}},
  comment = {https://github.com/rubenfcasal/mpae},
}

@Manual{R-np,
  title = {{np: Nonparametric Kernel Smoothing Methods for Mixed Data Types}},
  author = {Jeffrey S. Racine and Tristen Hayfield},
  year = {2023},
  note = {R package version 0.60-17},
  url = {https://cran.r-project.org/package=np},
}

@Manual{R-pdp,
  title = {{pdp: Partial Dependence Plots}},
  author = {Brandon M. Greenwell},
  year = {2022},
  note = {R package version 0.8.1},
  url = {https://cran.r-project.org/package=pdp},
}

@Manual{R-rattle,
  title = {{rattle: Graphical User Interface for Data Science in R}},
  author = {Graham Williams},
  year = {2022},
  note = {R package version 5.5.1},
  url = {https://cran.r-project.org/package=rattle},
}

@Manual{R-RcmdrMisc,
  title = {{RcmdrMisc: R Commander Miscellaneous Functions}},
  author = {John Fox and Manuel Marquez},
  year = {2023},
  note = {R package version 2.9-1},
  url = {https://cran.r-project.org/package=RcmdrMisc},
}

@Manual{R-RcmdrPlugin.FactoMineR,
  title = {{RcmdrPlugin.FactoMineR: Graphical User Interface for FactoMineR}},
  author = {Francois Husson and Julie Josse and Sebastien Le},
  year = {2023},
  note = {R package version 1.8},
  url = {https://cran.r-project.org/package=RcmdrPlugin.FactoMineR},
}

@Manual{R-tidymodels,
  title = {{tidymodels: Easily Install and Load the Tidymodels Packages}},
  author = {Max Kuhn and Hadley Wickham},
  year = {2023},
  note = {R package version 1.1.1. \url{https://tidymodels.tidymodels.org}},
  comment = {https://cran.r-project.org/package=tidymodels},
}

@Manual{manual-tidymodels,
  title = {{Tidymodels: a collection of packages for modeling and
  machine learning using tidyverse principles}},
  author = {Max Kuhn and Hadley Wickham},
  note = {\url{https://www.tidymodels.org}},
  year = {2020},
}

@Manual{R-vivid,
  title = {{vivid: Variable Importance and Variable Interaction Displays}},
  author = {Alan Inglis and Andrew Parnell and Catherine Hurley},
  year = {2023},
  note = {R package version 0.2.8},
  url = {https://cran.r-project.org/package=vivid},
}

@Article{jss-vivid,
  title = {Visualizing Variable Importance and Variable Interaction
    Effects in Machine Learning Models},
  author = {Alan Inglis and Andrew Parnell and Catherine B. Hurley},
  journal = {Journal of Computational and Graphical Statistics},
  year = {2022},
  pages = {1-13},
  publisher = {Taylor & Francis},
}

@Manual{R-plsRglm,
  title = {Partial Least Squares Regression for Generalized Linear Models},
  author = {Frederic Bertrand and Myriam Maumy},
  publisher = {manual},
  year = {2023},
  note = {R package version 1.5.1. \url{https://fbertran.github.io/plsRglm}},
  comment = {https://fbertran.github.io/homepage/},
}

@Article{R-NeuralNetTools,
  title = {{NeuralNetTools}: Visualization and Analysis Tools for Neural Networks},
  author = {Marcus W. Beck},
  journal = {Journal of Statistical Software},
  year = {2018},
  volume = {85},
  number = {11},
  pages = {1--20},
  doi = {10.18637/jss.v085.i11},
}

@Manual{R-neuralnet,
    title = {neuralnet: Training of Neural Networks},
    author = {Stefan Fritsch and Frauke Guenther and Marvin N. Wright},
    year = {2019},
    note = {R package version 1.44.2},
    url = {https://CRAN.R-project.org/package=neuralnet}
}

@Manual{R-fastICA,
  title = {{fastICA: FastICA Algorithms to Perform ICA and Projection Pursuit}},
  author = {J L Marchini and C Heaton and B D Ripley},
  year = {2021},
  note = {R package version 1.2-3},
  url = {https://cran.r-project.org/package=fastICA},
}

@Manual{R-nlme,
  title = {{nlme: Linear and Nonlinear Mixed Effects Models}},
  author = {José Pinheiro and Douglas Bates and {R Core Team}},
  year = {2023},
  note = {R package version 3.1-164},
  url = {https://cran.r-project.org/package=nlme},
}

@Manual{R-earth,
    title = {{earth: Multivariate Adaptive Regression Splines}},
    author = {Stephen Milborrow},
    year = {2023},
    note = {R package version 5.3.2},
    url = {https://cran.r-project.org/package=earth},
}

@Article{R-segmented,
  title = {A heuristic, iterative algorithm for change-point detection in abrupt change models},
  author = {Salvatore Fasola and Vito M.R. Muggeo and Helmut Kuchenhoff},
  journal = {Computational Statistics},
  year = {2018},
  volume = {33},
  number = {2},
  pages = {997-1015},
}

@Manual{R-cv,
  title = {{cv: Cross-Validation of Regression Models}},
  author = {John Fox and Georges Monette},
  year = {2024},
  note = {R package version 1.2.0. \url{https://gmonette.github.io/cv}},
  comment = {https://cran.r-project.org/package=cv}
}

@Manual{R-boot,
  title = {{boot: Bootstrap R (S-Plus) Functions}},
  author = {Angelo Canty and B. D. Ripley},
  year = {2024},
  note = {R package version 1.3-30},
}


@Manual{R-rpart,
  title = {{Rpart: Recursive Partitioning and Regression Trees}},
    author = {Therneau, T.M and Atkinson, E.J and Ripley, B.},
  year = {2013},
  note = {R package version 4.1-3},
  url = {http://cran.r-project.org/package=rpart/},
}

@techreport{Therneau97,
    author = {Therneau, T.M and Atkinson, E.J},
    year= {1997},
    title = {An Introduction to Recursive Partitioning using the Rpart Routines},
    type ={Divsion of Biostatistics},
    number = 61,
    institution = {Mayo Clinic}
}

@Manual{R-rpartplot,
  title = {{rpart.plot: Plot 'rpart' Models: An Enhanced Version of 'plot.rpart'}},
  author = {Milborrow, Stephen},
  year = {2019},
  note = {R package version 3.1-2},
  url = {http://cran.r-project.org/package=rpart.plot/},
}

@Manual{R-C50,
  title={{C50: C5.0 Decision Trees and Rule-Based Models}},
  author={Kuhn, Max and Weston, Steve and Coulter, Nathan and Quinlan, John Ross},
  note = {R package version 0.1.8},
  url = {https://cran.r-project.org/web/packages/C50/},
  year={2014}
}

@Manual{R-Cubist,
  title = {{Cubist: Rule- And Instance-Based Regression Modeling}},
  author = {Kuhn, Max and Quinlan, John Ross},
  year = {2023},
  note={R package version 0.4.3},
  url = {https://cran.r-project.org/web/packages/Cubist/},
}

@misc{R-party,
  title={{Party: A laboratory for recursive partytioning}},
  author={Hothorn, Torsten and Hornik, Kurt and Strobl, Carolin and Zeileis, Achim},
  year={2010},
  note={R package version 0.3-14},
  url = {https://cran.r-project.org/web/packages/party/},
}


@Manual{R-xgboost,
  title = {{xgboost: Extreme Gradient Boosting}},
  author={Chen, Tianqi and He, Tong and Benesty, Michael and Khotilovich, Vadim and Tang, Yuan and Cho, Hyunsu and Chen, Kailong and Mitchell, Rory and Cano, Ignacio and Zhou, Tianyi and others},
    year = {2023},
    note = {R package version 1.7.5.1},
    url = {https://cran.r-project.org/package=xgboost}
}

@misc{R-KernSmooth,
  title={{KernSmooth: Functions for Kernel Smoothing Supporting Wand and Jones (1995)}},
  author = {Matt Wand},
  year = {2023},
  note = {R package version 2.23-22},
  url={https://cran.r-project.org/package=KernSmooth}
}

@Article{R-pROC,
  title = {{pROC: an open-source package for R and S+ to analyze and
    compare ROC curves}},
  author = {Xavier Robin and Natacha Turck and Alexandre Hainard and
    Natalia Tiberti and Frédérique Lisacek and Jean-Charles Sanchez
    and Markus Müller},
  year = {2011},
  journal = {BMC Bioinformatics},
  volume = {12},
  pages = {77},
  url = {https://cran.r-project.org/web/packages/pROC/},
}
@Article{R-fdausc,
  title = {Statistical Computing in Functional Data Analysis: The {R}
    Package {fda.usc}},
  author = {Manuel Febrero-Bande and Manuel {Oviedo de la Fuente}},
  journal = {Journal of Statistical Software},
  year = {2012},
  volume = {51},
  number = {4},
  pages = {1--28},
  url = {https://www.jstatsoft.org/v51/i04/},
}

@Article{rjournal-pdp,
  title = {pdp: An {R} Package for Constructing Partial Dependence
    Plots},
  author = {Brandon M. Greenwell},
  journal = {The R Journal},
  year = {2017},
  volume = {9},
  number = {1},
  pages = {421--436},
  url = {https://journal.r-project.org/archive/2017/RJ-2017-016/index.html},
}


@Article{R-iml,
  author = {Christoph Molnar and Bernd Bischl and Giuseppe Casalicchio},
  title = {{iml: An R package for Interpretable Machine Learning}},
  doi = {10.21105/joss.00786},
  url = {https://joss.theoj.org/papers/10.21105/joss.00786},
  year = {2018},
  volume = {3},
  number = {26},
  pages = {786},
  journal = {Journal of Open Source Software}
}

@Article{R-DALEX,
  title = {{DALEX: Explainers for Complex Predictive Models in R}},
  author = {Przemyslaw Biecek},
  journal = {Journal of Machine Learning Research},
  year = {2018},
  volume = {19},
  pages = {1-5},
  number = {84},
  url = {https://jmlr.org/papers/v19/18-416.html},
}

@Manual{R-lime,
title = {{lime: Local Interpretable Model-Agnostic Explanations}},
author = {Emil Hvitfeldt and Thomas Lin Pedersen and Michaël Benesty},
year = {2022},
note = {R package version 0.5.3. \url{https://lime.data-imaginist.com}},
comment = {https://CRAN.R-project.org/package=lime},
}

@Article{R-vip,
  title = {Variable Importance Plots--An Introduction to the vip
    Package},
  author = {Brandon M. Greenwell and Bradley C. Boehmke},
  journal = {The R Journal},
  year = {2020},
  volume = {12},
  number = {1},
  pages = {343--366},
  url = {https://doi.org/10.32614/RJ-2020-013},
}

@Manual{R-plotmo,
	title = {{plotmo: Plot a Model's Residuals, Response, and Partial Dependence Plots}},
	author = {Stephen Milborrow},
	year = {2022},
	note = {R package version 3.6.2},
	url = {https://cran.r-project.org/package=plotmo},
}

@article{R-randomForestExplainer,
  title={{randomForestExplainer: Explaining and visualizing random forests in terms of variable importance}},
  author={Paluszynska, Aleksandra and Biecek, Przemyslaw and Jiang, Yue},
  journal={R package version 0.9},
  year={2017}
}

@article{R-mlr3,
	author = {Michel Lang and Martin Binder and Jakob Richter and Patrick Schratz and Florian Pfisterer and Stefan Coors and Quay Au and Giuseppe Casalicchio and Lars Kotthoff and Bernd Bischl},
    title = {{mlr3}: A modern object-oriented machine learning framework in {R}},
	doi = {10.21105/joss.01903},
	url = {https://doi.org/10.21105/joss.01903},
	year = {2019},
	publisher = {The Open Journal},
	volume = {4},
	number = {44},
	pages = {1903},
	journal = {Journal of Open Source Software}
}



@Article{R-RWeka,
  title = {Open-Source Machine Learning: {R} Meets {Weka}},
  author = {Kurt Hornik and Christian Buchta and Achim Zeileis},
  journal = {Computational Statistics},
  year = {2009},
  volume = {24},
  number = {2},
  pages = {225--232},
  doi = {10.1007/s00180-008-0119-7},
}

@Manual{R-RcmdrManual,
  title = {{Rcmdr: R Commander}},
  author = {John Fox and Manuel Munoz Marquez and Milan
    Bouchet-Valat},
  year = {2024},
  note = {R package version 2.9-2},
  url = {https://socialsciences.mcmaster.ca/jfox/Misc/Rcmdr/},
}

@Manual{R-radiant,
	title = {{radiant: Business Analytics using R and Shiny}},
	author = {Vincent Nijs},
	year = {2023},
	note = {R package version 1.6.1. \url{https://radiant-rstats.github.io/docs}},
	comment = {https://CRAN.R-project.org/package=radiant},
}







