@Manual{R-AppliedPredictiveModeling,
  title = {AppliedPredictiveModeling: Functions and Data Sets for Applied Predictive Modeling},
  author = {Max Kuhn and Kjell Johnson},
  year = {2018},
  note = {R package version 1.1-7},
  url = {http://appliedpredictivemodeling.com/},
}

@Manual{R-car,
  title = {car: Companion to Applied Regression},
  author = {John Fox and Sanford Weisberg and Brad Price},
  year = {2023},
  note = {R package version 3.1-2, 
https://CRAN.R-project.org/package=car},
  url = {https://r-forge.r-project.org/projects/car/},
}

@Manual{R-caret,
  title = {caret: Classification and Regression Training},
  author = {Max Kuhn},
  year = {2023},
  note = {R package version 6.0-94},
  url = {https://github.com/topepo/caret/},
}


@Manual{R-gbm,
  title = {gbm: Generalized Boosted Regression Models},
  author = {Brandon Greenwell and Bradley Boehmke and Jay Cunningham and GBM Developers},
  year = {2022},
  note = {R package version 2.1.8.1},
  url = {https://github.com/gbm-developers/gbm},
}

@Manual{R-glmnet,
  title = {glmnet: Lasso and Elastic-Net Regularized Generalized Linear Models},
  author = {Jerome Friedman and Trevor Hastie and Rob Tibshirani and Balasubramanian Narasimhan and Kenneth Tay and Noah Simon and James Yang},
  year = {2023},
  note = {R package version 4.1-8},
  url = {https://glmnet.stanford.edu},
}

@Manual{R-ISLR,
  title = {ISLR: Data for an Introduction to Statistical Learning with
Applications in R},
  author = {Gareth James and Daniela Witten and Trevor Hastie and Rob Tibshirani},
  year = {2021},
  note = {R package version 1.4},
  url = {https://www.statlearning.com},
}




@Manual{R-MASS,
  title = {MASS: Support Functions and Datasets for Venables and Ripley's MASS},
  author = {Brian Ripley},
  year = {2023},
  note = {R package version 7.3-60},
  url = {http://www.stats.ox.ac.uk/pub/MASS4/},
}


@Manual{R-mpae,
  title = {mpae: Metodos Predictivos de Aprendizaje Estadistico (Statistical
Learning Predictive Methods)},
  author = {Ruben Fernandez-Casal and Manuel {Oviedo-de la Fuente} and Julian Costa-Bouzas},
  year = {2024},
  note = {R package version 0.1.2},
  url = {https://github.com/rubenfcasal/mpae},
}


@Manual{R-np,
  title = {np: Nonparametric Kernel Smoothing Methods for Mixed Data Types},
  author = {Jeffrey S. Racine and Tristen Hayfield},
  year = {2023},
  note = {R package version 0.60-17},
  url = {https://github.com/JeffreyRacine/R-Package-np},
}

@Manual{R-pdp,
  title = {pdp: Partial Dependence Plots},
  author = {Brandon M. Greenwell},
  year = {2022},
  note = {R package version 0.8.1, 
http://bgreenwell.github.io/pdp/},
  url = {https://github.com/bgreenwell/pdp},
}


@Manual{R-rattle,
  title = {rattle: Graphical User Interface for Data Science in R},
  author = {Graham Williams},
  year = {2022},
  note = {R package version 5.5.1},
  url = {https://rattle.togaware.com/},
}

@Manual{R-RcmdrMisc,
  title = {RcmdrMisc: R Commander Miscellaneous Functions},
  author = {John Fox and Manuel Marquez},
  year = {2023},
  note = {R package version 2.9-1, 
https://socialsciences.mcmaster.ca/jfox/},
  url = {https://www.r-project.org},
}

@Manual{R-tidymodels,
  title = {tidymodels: Easily Install and Load the Tidymodels Packages},
  author = {Max Kuhn and Hadley Wickham},
  year = {2023},
  note = {R package version 1.1.1, 
https://github.com/tidymodels/tidymodels},
  url = {https://tidymodels.tidymodels.org},
}

@Manual{R-vivid,
  title = {vivid: Variable Importance and Variable Interaction Displays},
  author = {Alan Inglis and Andrew Parnell and Catherine Hurley},
  year = {2023},
  note = {R package version 0.2.8},
  url = {https://alaninglis.github.io/vivid/},
}

@Book{car2019,
  title = {An {R} Companion to Applied Regression},
  edition = {Third},
  author = {John Fox and Sanford Weisberg},
  year = {2019},
  publisher = {Sage},
  address = {Thousand Oaks {CA}},
  url = {https://socialsciences.mcmaster.ca/jfox/Books/Companion/},
}

@Article{caret2008,
  title = {Building Predictive Models in R Using the caret Package},
  volume = {28},
  url = {https://www.jstatsoft.org/index.php/jss/article/view/v028i05},
  doi = {10.18637/jss.v028.i05},
  number = {5},
  journal = {Journal of Statistical Software},
  author = {{Kuhn} and {Max}},
  year = {2008},
  pages = {1â€“26},
}

@Article{glmnet2010,
  title = {Regularization Paths for Generalized Linear Models via Coordinate Descent},
  author = {Jerome Friedman and Robert Tibshirani and Trevor Hastie},
  journal = {Journal of Statistical Software},
  year = {2010},
  volume = {33},
  number = {1},
  pages = {1--22},
  doi = {10.18637/jss.v033.i01},
}

@Article{glmnet2011,
  title = {Regularization Paths for Cox's Proportional Hazards Model via Coordinate Descent},
  author = {Noah Simon and Jerome Friedman and Robert Tibshirani and Trevor Hastie},
  journal = {Journal of Statistical Software},
  year = {2011},
  volume = {39},
  number = {5},
  pages = {1--13},
  doi = {10.18637/jss.v039.i05},
}

@Article{glmnet2023,
  title = {Elastic Net Regularization Paths for All Generalized Linear Models},
  author = {J. Kenneth Tay and Balasubramanian Narasimhan and Trevor Hastie},
  journal = {Journal of Statistical Software},
  year = {2023},
  volume = {106},
  number = {1},
  pages = {1--31},
  doi = {10.18637/jss.v106.i01},
}

@Article{lmtest2002,
  title = {Diagnostic Checking in Regression Relationships},
  author = {Achim Zeileis and Torsten Hothorn},
  journal = {R News},
  year = {2002},
  volume = {2},
  number = {3},
  pages = {7--10},
  url = {https://CRAN.R-project.org/doc/Rnews/},
}

@Book{MASS2002,
  title = {Modern Applied Statistics with S},
  author = {W. N. Venables and B. D. Ripley},
  publisher = {Springer},
  edition = {Fourth},
  address = {New York},
  year = {2002},
  note = {ISBN 0-387-95457-0},
  url = {https://www.stats.ox.ac.uk/pub/MASS4/},
}

@Article{mgcv2011,
  title = {Fast stable restricted maximum likelihood and marginal 
likelihood estimation of semiparametric generalized linear models},
  journal = {Journal of the Royal Statistical Society (B)},
  volume = {73},
  number = {1},
  pages = {3-36},
  year = {2011},
  author = {S. N. Wood},
}

@Article{mgcv2016,
  title = {Smoothing parameter and model selection for general smooth models (with discussion)},
  author = {S.N. Wood and {N.} and {Pya} and B. S{"a}fken},
  journal = {Journal of the American Statistical Association},
  year = {2016},
  pages = {1548-1575},
  volume = {111},
}

@Article{mgcv2004,
  title = {Stable and efficient multiple smoothing parameter estimation for 
         generalized additive models},
  journal = {Journal of the American Statistical Association},
  volume = {99},
  number = {467},
  pages = {673-686},
  year = {2004},
  author = {S. N. Wood},
}

@Book{mgcv2017,
  title = {Generalized Additive Models: An Introduction with R},
  year = {2017},
  author = {S.N Wood},
  edition = {2},
  publisher = {Chapman and Hall/CRC},
}

@Article{mgcv2003,
  title = {Thin-plate regression splines},
  journal = {Journal of the Royal Statistical Society (B)},
  volume = {65},
  number = {1},
  pages = {95-114},
  year = {2003},
  author = {S. N. Wood},
}

@Article{NeuralNetTools2018,
  title = {{NeuralNetTools}: Visualization and Analysis Tools for Neural Networks},
  author = {Marcus W. Beck},
  journal = {Journal of Statistical Software},
  year = {2018},
  volume = {85},
  number = {11},
  pages = {1--20},
  doi = {10.18637/jss.v085.i11},
}

@Article{np2008,
  title = {Nonparametric Econometrics: The np Package},
  author = {Tristen Hayfield and Jeffrey S. Racine},
  journal = {Journal of Statistical Software},
  year = {2008},
  volume = {27},
  number = {5},
  url = {https://www.jstatsoft.org/index.php/jss/article/view/v027i05},
  doi = {10.18637/jss.v027.i05},
  pages = {1-32},
}

@Article{pdp2017,
  title = {pdp: An {R} Package for Constructing Partial Dependence Plots},
  author = {Brandon M. Greenwell},
  journal = {The R Journal},
  year = {2017},
  volume = {9},
  number = {1},
  pages = {421--436},
  url = {https://journal.r-project.org/archive/2017/RJ-2017-016/index.html},
}

@Book{rattle2011,
  title = {Data Mining with {Rattle} and {R}: The art of excavating data for knowledge discovery},
  author = {Graham J. Williams},
  publisher = {Springer},
  series = {Use R!},
  year = {2011},
  url = {https://rd.springer.com/book/10.1007/978-1-4419-9890-3},
}

@Manual{tidymodels2020,
  title = {Tidymodels: a collection of packages for modeling and machine learning using tidyverse principles.},
  author = {Max Kuhn and Hadley Wickham},
  url = {https://www.tidymodels.org},
  year = {2020},
}

@Article{vivid2022,
  title = {Visualizing Variable Importance and Variable Interaction Effects in Machine Learning Models},
  author = {Alan Inglis and Andrew Parnell and Catherine B. Hurley},
  journal = {Journal of Computational and Graphical Statistics},
  year = {2022},
  pages = {1-13},
  publisher = {Taylor & Francis},
}

